  @article{gooch2005color2gray,
  title     = {Color2gray: salience-preserving color removal},
  author    = {Gooch, Amy A and Olsen, Sven C and Tumblin, Jack and Gooch, Bruce},
  journal   = {ACM Transactions on Graphics (TOG)},
  volume    = {24},
  number    = {3},
  pages     = {634--639},
  year      = {2005},
  publisher = {ACM New York, NY, USA}
}
@article{lotto1999effects,
  title={The effects of color on brightness},
  author={Lotto, R Beau and Purves, Dale},
  journal={Nature neuroscience},
  volume={2},
  number={11},
  pages={1010--1014},
  year={1999},
  publisher={Nature Publishing Group}
}
@book{livingstone2002vision,
  title={Vision and art: The biology of seeing},
  author={Livingstone, Margaret and Hubel, David H},
  volume={2},
  year={2002},
  publisher={Harry N. Abrams New York}
}